@BOOK{BOOK:2,
    AUTHOR="Braniewski and Mrozek and Poprzeczka",
    TITLE="Tom 9, Sztuka Swiata, Sztuka pierwszej polowy XX wieku",
    PUBLISHER="Arkady",
    YEAR="1996",
}


@BOOK{BOOK:3,
    AUTHOR="Braniewski and Dab and Kalinowska",
    TITLE="Tom 8, Sztuka Swiata, Sztuka na przelomie epok",
    PUBLISHER="Arkady",
    YEAR="1994",
}


@BOOK{BOOK:4,
    AUTHOR="Michal Alpatow",
    TITLE="Historia Sztuki",
    PUBLISHER="Arkady",
    YEAR="1982",
}


@BOOK{BOOK:5,
    AUTHOR="Przemyslaw Szafer",
    TITLE="Nowa Architektura Polska",
}

@MISC{WEBSITE:1,
    HOWPUBLISHED = "\url{https://rynekisztuka.pl/2015/03/25/street-art-poczatek/}",
    AUTHOR = "Krzysztof Bezdzietny",
    TITLE = "Street Art Poczatek",
    YEAR = "2015",
    NOTE = "Accessed on 2022-12-10",
}

@MISC{WEBSITE:2,
	HOWPUBLISHED = "\url{https://digitalcollections.nypl.org/collections/farm-security-administration-photographs\#/?tab=navigation}",
	AUTHOR = "Charlotte Brooks and Paul Carter and John Collier and Jack Delano and Sheldon Dick and Royden Dixon and Walker Evans and Theodor Jung and Dorothea Lange and Russell Lee and Edwin Locke and Carl Mydans and David Myers and Gordon Parks and Edwin Rosskam and Arthur Rothstein and Ben Shanh and John Vachon and Marion Wolcott and Walker Evans",
	TITLE = "Farm Security Administration Photographs",
	YEAR = "1944",
}